@article{Abascal_2005,
	doi = {10.1063/1.2121687},
	year = 2005,
	month = {dec},
	publisher = {{AIP} Publishing},
	volume = {123},
	number = {23},
	pages = {234505},
	author = {J. L. F. Abascal and C. Vega},
	title = {A general purpose model for the condensed phases of water: {TIP}4P/2005},
	journal = {The Journal of Chemical Physics}
}
@article{Basma_2001,
	doi = {10.1002/jcc.1072},
	year = 2001,
	month = {aug},
	publisher = {Wiley-Blackwell},
	volume = {22},
	number = {11},
	pages = {1125--1137},
	author = {M. Basma and S. Sundara and D. {\c{C}}algan and T. Vernali and R. J. Woods},
	title = {Solvated ensemble averaging in the calculation of partial atomic charges},
	journal = {Journal of Computational Chemistry}
}
@article{Batista_2015,
	doi = {10.1021/jp510125x},
	year = 2015,
	month = {jan},
	publisher = {American Chemical Society ({ACS})},
	volume = {119},
	number = {4},
	pages = {1567--1578},
	author = {Marta L. S. Batista and Kiki A. Kurnia and Sim{\~{a}}o P. Pinho and Jos{\'{e}} R. B. Gomes and Jo{\~{a}}o A. P. Coutinho},
	title = {Computational and Experimental Study of the Behavior of Cyano-Based Ionic Liquids in Aqueous Solution},
	journal = {The Journal of Physical Chemistry B}
}
@article{Bayly_1993,
	doi = {10.1021/j100142a004},
	year = 1993,
	month = {oct},
	publisher = {American Chemical Society ({ACS})},
	volume = {97},
	number = {40},
	pages = {10269--10280},
	author = {Christopher I. Bayly and Piotr Cieplak and Wendy Cornell and Peter A. Kollman},
	title = {A well-behaved electrostatic potential based method using charge restraints for deriving atomic charges: the {RESP} model},
	journal = {The Journal of Physical Chemistry}
}
@article{Bennett_1976,
	doi = {10.1016/0021-9991(76)90078-4},
	year = 1976,
	month = {oct},
	publisher = {Elsevier {BV}},
	volume = {22},
	number = {2},
	pages = {245--268},
	author = {Charles H Bennett},
	title = {Efficient estimation of free energy differences from {Monte} {Carlo} data},
	journal = {Journal of Computational Physics}
}
@article{Beutler_1994,
	doi = {10.1016/0009-2614(94)00397-1},
	year = 1994,
	month = {jun},
	publisher = {Elsevier {BV}},
	volume = {222},
	number = {6},
	pages = {529--539},
	author = {Thomas C. Beutler and Alan E. Mark and Ren{\'{e}} C. van Schaik and Paul R. Gerber and Wilfred F. van Gunsteren},
	title = {Avoiding singularities and numerical instabilities in free energy calculations based on molecular simulations},
	journal = {Chemical Physics Letters}
}
@article{Bhown_2014,
	doi = {10.1016/j.egypro.2014.11.059},
	year = 2014,
	publisher = {Elsevier {BV}},
	volume = {63},
	pages = {542--549},
	author = {Abhoyjit S. Bhown},
	title = {Status and Analysis of Next Generation Post-combustion {CO}2 Capture Technologies},
	journal = {Energy Procedia}
}

@article{Brehm_2011,
	doi = {10.1021/ci200217w},
	year = 2011,
	month = {aug},
	publisher = {American Chemical Society ({ACS})},
	volume = {51},
	number = {8},
	pages = {2007--2023},
	author = {Martin Brehm and Barbara Kirchner},
	title = {{TRAVIS} - {A} Free Analyzer and Visualizer for Monte Carlo and Molecular Dynamics Trajectories},
	journal = {Journal of Chemical Information and Modeling}
}
@article{Breneman_1990,
	doi = {10.1002/jcc.540110311},
	year = 1990,
	month = {apr},
	publisher = {Wiley-Blackwell},
	volume = {11},
	number = {3},
	pages = {361--373},
	author = {Curt M. Breneman and Kenneth B. Wiberg},
	title = {Determining atom-centered monopoles from molecular electrostatic potentials. The need for high sampling density in formamide conformational analysis},
	journal = {Journal of Computational Chemistry}
}
@article{Brooks_1983,
	doi = {10.1002/jcc.540040211},
	year = 1983,
	publisher = {Wiley-Blackwell},
	volume = {4},
	number = {2},
	pages = {187--217},
	author = {Bernard R. Brooks and Robert E. Bruccoleri and Barry D. Olafson and David J. States and S. Swaminathan and Martin Karplus},
	title = {{CHARMM}: A program for macromolecular energy, minimization, and dynamics calculations},
	journal = {J. Comput. Chem.}
}
@article{Cadena_2006,
	doi = {10.1021/jp0629036},
	year = 2006,
	month = {sep},
	publisher = {American Chemical Society ({ACS})},
	volume = {110},
	number = {36},
	pages = {18026--18039},
	author = {Cesar Cadena and Edward J. Maginn},
	title = {Molecular Simulation Study of Some Thermophysical and Transport Properties of Triazolium-Based Ionic Liquids},
	journal = {The Journal of Physical Chemistry B}
}
@article{Canongia_Lopes_2006,
	doi = {10.1021/jp063901o},
	year = 2006,
	month = {oct},
	publisher = {American Chemical Society ({ACS})},
	volume = {110},
	number = {39},
	pages = {19586--19592},
	author = {Jos{\'{e}} N. Canongia Lopes and Ag{\'{\i}}lio A. H. P{\'{a}}dua},
	title = {Molecular Force Field for Ionic Liquids {III}:~ Imidazolium, Pyridinium, and Phosphonium Cations; Chloride, Bromide, and Dicyanamide Anions},
	journal = {The Journal of Physical Chemistry B}
}
@article{Carvalho_2016,
	doi = {10.1039/c6cp01896c},
	year = 2016,
	publisher = {Royal Society of Chemistry ({RSC})},
	volume = {18},
	number = {22},
	pages = {14757--14771},
	author = {P. J. Carvalho and K. A. Kurnia and J. A. P. Coutinho},
	title = {Dispelling some myths about the {CO}\textsubscript{2} solubility in ionic liquids},
	journal = {Phys. Chem. Chem. Phys.}
}
@article{Chang_2009,
	doi = {10.1063/1.3204440},
	year = 2009,
	month = {aug},
	publisher = {{AIP} Publishing},
	volume = {131},
	number = {7},
	pages = {074103},
	author = {Jaeeon Chang},
	title = {The calculation of chemical potential of organic solutes in dense liquid phases by using expanded ensemble Monte Carlo simulations},
	journal = {The Journal of Chemical Physics}
}
@article{Chen_2001,
	doi = {10.1021/jp003882x},
	year = 2001,
	month = {apr},
	publisher = {American Chemical Society ({ACS})},
	volume = {105},
	number = {15},
	pages = {3093--3104},
	author = {Bin Chen and Jeffrey J. Potoff and J. Ilja Siepmann},
	title = {Monte Carlo Calculations for Alcohols and Their Mixtures with Alkanes. Transferable Potentials for Phase Equilibria. 5. United-Atom Description of Primary, Secondary, and Tertiary Alcohols},
	journal = {The Journal of Physical Chemistry B}
}
@article{Chodera_2011_2,
	doi = {10.1063/1.3660669},
	year = 2011,
	publisher = {{AIP} Publishing},
	volume = {135},
	number = {19},
	pages = {194110},
	author = {John D. Chodera and Michael R. Shirts},
	title = {Replica exchange and expanded ensemble simulations as {Gibbs} sampling: {Simple} improvements for enhanced mixing},
	journal = {The Journal of Chemical Physics}
}
@article{Cornell_1995,
	doi = {10.1021/ja00124a002},
	year = 1995,
	month = {may},
	publisher = {American Chemical Society ({ACS})},
	volume = {117},
	number = {19},
	pages = {5179--5197},
	author = {Wendy D. Cornell and Piotr Cieplak and Christopher I. Bayly and Ian R. Gould and Kenneth M. Merz and David M. Ferguson and David C. Spellmeyer and Thomas Fox and James W. Caldwell and Peter A. Kollman},
	title = {A Second Generation Force Field for the Simulation of Proteins, Nucleic Acids, and Organic Molecules},
	journal = {Journal of the American Chemical Society}
}
@article{Darden_1993,
	doi = {10.1063/1.464397},
	year = 1993,
	publisher = {{AIP} Publishing},
	volume = {98},
	number = {12},
	pages = {10089},
	author = {Tom Darden and Darrin York and Lee Pedersen},
	title = {Particle mesh {Ewald}: {An} ${N} \cdot \log({N})$ method for {Ewald} sums in large systems},
	journal = {The Journal of Chemical Physics}
}
@article{Deetlefs_2006,
	doi = {10.1021/jp060924u},
	year = 2006,
	month = {jun},
	publisher = {American Chemical Society ({ACS})},
	volume = {110},
	number = {24},
	pages = {12055--12061},
	author = {Maggel Deetlefs and Christopher Hardacre and Mark Nieuwenhuyzen and Agilio A. H. Padua and Oonagh Sheppard and Alan K. Soper},
	title = {Liquid Structure of the Ionic Liquid 1,3-Dimethylimidazolium Bis$\lbrace$(trifluoromethyl)sulfonyl$\rbrace$amide},
	journal = {The Journal of Physical Chemistry B}
}
@article{Doma_ska_2011,
	doi = {10.1016/j.jct.2011.02.012},
	year = 2011,
	month = {jul},
	publisher = {Elsevier {BV}},
	volume = {43},
	number = {7},
	pages = {1050--1057},
	author = {Urszula Doma{\'{n}}ska and Marta Kr{\'{o}}likowska and William E. Acree and Gary A. Baker},
	title = {Activity coefficients at infinite dilution measurements for organic solutes and water in the ionic liquid 1-ethyl-3-methylimidazolium tetracyanoborate},
	journal = {The Journal of Chemical Thermodynamics}
}
@article{Dupont_2010,
	doi = {10.1039/b822551f},
	year = 2010,
	publisher = {Royal Society of Chemistry ({RSC})},
	volume = {39},
	number = {5},
	pages = {1780},
	author = {Jairton Dupont and Jackson D. Scholten},
	title = {On the structural and surface properties of transition-metal nanoparticles in ionic liquids},
	journal = {Chemical Society Reviews}
}
@article{Ewald_1921,
	doi = {10.1002/andp.19213690304},
	year = 1921,
	publisher = {Wiley-Blackwell},
	volume = {369},
	number = {3},
	pages = {253--287},
	author = {P. P. Ewald},
	title = {Die {Berechnung} optischer und elektrostatischer {Gitterpotentiale}},
	journal = {Ann. Phys.}
}
@article{Fennell2006,
  title={Is the {Ewald} summation still necessary? {Pairwise} alternatives to the accepted standard for long-range electrostatics},
  author={Fennell, C J and Gezelter, J D},
  journal={The Journal of Chemical Physics},
  volume={124},
  number={23},
  pages={234104-234116},
  year={2006},
  publisher={AIP publications}
}
@article{Finotello_2008,
	doi = {10.1021/ie0704142},
	year = 2008,
	month = {may},
	publisher = {American Chemical Society ({ACS})},
	volume = {47},
	number = {10},
	pages = {3453--3459},
	author = {Alexia Finotello and Jason E. Bara and Dean Camper and Richard D. Noble},
	title = {Room-Temperature Ionic Liquids: {Temperature} Dependence of Gas Solubility Selectivity},
	journal = {Industrial {\&} Engineering Chemistry Research}
}
@article{Han_2010,
	doi = {10.3390/molecules15042405},
	year = 2010,
	month = {apr},
	publisher = {{MDPI} {AG}},
	volume = {15},
	number = {4},
	pages = {2405--2426},
	author = {Dandan Han and Kyung Ho Row},
	title = {Recent Applications of Ionic Liquids in Separation Technology},
	journal = {Molecules}
}
@article{HANKE_2001,
	doi = {10.1080/00268970010018981},
	year = 2001,
	month = {may},
	publisher = {Informa {UK} Limited},
	volume = {99},
	number = {10},
	pages = {801--809},
	author = {C. G. Hanke and S. L. Price and R. M. Lynden-Bell},
	title = {Intermolecular potentials for simulations of liquid imidazolium salts},
	journal = {Molecular Physics}
}

@article{Hanke_2003,
	doi = {10.1016/s0009-2614(03)00703-6},
	year = 2003,
	month = {jun},
	publisher = {Elsevier {BV}},
	volume = {374},
	number = {1-2},
	pages = {85--90},
	author = {C.G. Hanke and A. Johansson and J.B. Harper and R.M. Lynden-Bell},
	title = {Why are aromatic compounds more soluble than aliphatic compounds in dimethylimidazolium ionic liquids? A simulation study},
	journal = {Chemical Physics Letters}
}

@BOOK{Hockney_1988,
   author = {{Hockney}, R.~W. and {Eastwood}, J.~W.},
    title = "{Computer simulation using particles}",
booktitle = {Bristol: Hilger, 1988},
     year = 1988,
  adsnote = {Provided by the SAO/NASA Astrophysics Data System},
  publisher = {Publisher: {CRC} Press}
}
@article{Holste_1987,
	doi = {10.1016/0021-9614(87)90001-2},
	year = 1987,
	month = {dec},
	publisher = {Elsevier {BV}},
	volume = {19},
	number = {12},
	pages = {1233--1250},
	author = {J.C Holste and K.R Hall and P.T Eubank and G Esper and M.Q Watson and W Warowny and D.M Bailey and J.G Young and M.T Bellomy},
	title = {Experimental (p, Vm, T) for pure {CO}\textsubscript{2} between 220 and 450 K},
	journal = {The Journal of Chemical Thermodynamics}
}
@article{HUMP96,
  author={William Humphrey and Andrew Dalke and Klaus Schulten},
  title={{VMD} -- {V}isual {M}olecular {D}ynamics},
  journal={Journal of Molecular Graphics},
  year=1996,
  volume=14,
  pages={33-38},
  note={},
  tbstatus={Published.},
  techrep={},
  tbreference={222}
}
@article{Jorgensen_1996,
	doi = {10.1021/ja9621760},
	year = 1996,
	month = {jan},
	publisher = {American Chemical Society ({ACS})},
	volume = {118},
	number = {45},
	pages = {11225--11236},
	author = {William L. Jorgensen and David S. Maxwell and Julian Tirado-Rives},
	title = {Development and Testing of the {OPLS} All-Atom Force Field on Conformational Energetics and Properties of Organic Liquids},
	journal = {Journal of the American Chemical Society}
}
@article{Kamberaj_2005,
doi = {10.1063/1.1906216},
year = 2005,
publisher = {{AIP} Publishing},
volume = {122},
number = {22},
pages = {224114},
author = {H. Kamberaj and R. J. Low and M. P. Neal},
title = {Time reversible and symplectic integrators for molecular dynamics simulations of rigid molecules},
journal = {The Journal of Chemical Physics}
}
@article{Kerl__2017,
	doi = {10.1039/c6cp06792a},
	year = 2017,
	publisher = {Royal Society of Chemistry ({RSC})},
	volume = {19},
	number = {3},
	pages = {1770--1780},
	author = {Daniela Kerl{\'{e}} and Majid Namayandeh Jorabchi and Ralf Ludwig and Sebastian Wohlrab and Dietmar Paschek},
	title = {A simple guiding principle for the temperature dependence of the solubility of light gases in imidazolium-based ionic liquids derived from molecular simulations},
	journal = {Phys. Chem. Chem. Phys.}
}
@article{Kinik_2017,
	doi = {10.1002/cssc.201700716},
	year = 2017,
	month = {jul},
	publisher = {Wiley-Blackwell},
	volume = {10},
	number = {14},
	pages = {2842--2863},
	author = {Fatma Pelin Kinik and Alper Uzun and Seda Keskin},
	title = {Ionic Liquid/Metal-Organic Framework Composites: {From} Synthesis to Applications},
	journal = {{ChemSusChem}}
}
@article{Klimovich_2015,
	doi = {10.1007/s10822-015-9840-9},
	year = 2015,
	month = {mar},
	publisher = {Springer Nature},
	volume = {29},
	number = {5},
	pages = {397--411},
	author = {Pavel V. Klimovich and Michael R. Shirts and David L. Mobley},
	title = {Guidelines for the analysis of free energy calculations},
	journal = {Journal of Computer-Aided Molecular Design}
}
@article{K_ddermann_2007,
	doi = {10.1002/cphc.200700552},
	year = 2007,
	month = {dec},
	publisher = {Wiley-Blackwell},
	volume = {8},
	number = {17},
	pages = {2464--2470},
	author = {Thorsten Köddermann and Dietmar Paschek and Ralf Ludwig},
	title = {Molecular Dynamic Simulations of Ionic Liquids: {A} Reliable Description of Structure, Thermodynamics and Dynamics},
	journal = {{ChemPhysChem}}
}
@article{Kobrak_2004,
	doi = {10.1016/j.cplett.2004.07.049},
	year = 2004,
	month = {sep},
	publisher = {Elsevier {BV}},
	volume = {395},
	number = {1-3},
	pages = {127--132},
	author = {Mark N. Kobrak and Vasiliy Znamenskiy},
	title = {Solvation dynamics of room-temperature ionic liquids: evidence for collective solvent motion on sub-picosecond timescales},
	journal = {Chemical Physics Letters}
}

@article{Koller_2012,
	doi = {10.1080/00268976.2011.648965},
	year = 2012,
	month = {jun},
	publisher = {Informa {UK} Limited},
	volume = {110},
	number = {11-12},
	pages = {1115--1126},
	author = {Thomas Koller and Javier Ramos and Nuno M. Garrido and Andreas P. Fröba and Ioannis G. Economou},
	title = {Development of a united-atom force field for 1-ethyl-3-methylimidazolium tetracyanoborate ionic liquid},
	journal = {Molecular Physics}
}
@article{Leones_2017,
	doi = {10.1016/j.electacta.2017.02.053},
	year = 2017,
	month = {apr},
	publisher = {Elsevier {BV}},
	volume = {232},
	pages = {22--29},
	author = {Rita Leones and Rodrigo C. Sabadini and Jos{\'{e}} M.S.S. Esperan{\c{c}}a and Agnieszka Pawlicka and M. Manuela Silva},
	title = {Effect of storage time on the ionic conductivity of chitosan-solid polymer electrolytes incorporating cyano-based ionic liquids},
	journal = {Electrochimica Acta}
}
@article{Lynden_Bell_2006,
	doi = {10.1039/b514848k},
	year = 2006,
	publisher = {Royal Society of Chemistry ({RSC})},
	volume = {8},
	number = {8},
	pages = {949--954},
	author = {R. M. Lynden-Bell and M. Del P{\'{o}}polo},
	title = {Simulation of the surface structure of butylmethylimidazolium ionic liquids},
	journal = {Phys. Chem. Chem. Phys.}
}

@article{Liu_2006,
	doi = {10.1039/b515905a},
	year = 2006,
	publisher = {Royal Society of Chemistry ({RSC})},
	volume = {8},
	number = {9},
	pages = {1096},
	author = {Zhiping Liu and Xiaoping Wu and Wenchuan Wang},
	title = {A novel united-atom force field for imidazolium-based ionic liquids},
	journal = {Physical Chemistry Chemical Physics}
}
@article{Liu_2014,
	doi = {10.1039/c3cp54326a},
	year = 2014,
	publisher = {Royal Society of Chemistry ({RSC})},
	volume = {16},
	number = {5},
	pages = {1909--1913},
	author = {Hongjun Liu and Sheng Dai and De-en Jiang},
	title = {Structure and dynamics of {CO}\textsubscript{2} and {N}\textsubscript{2} in a tetracyanoborate based ionic liquid},
	journal = {Phys. Chem. Chem. Phys.}
}
@article{Liu_2014_1,
	doi = {10.1021/ie501501k},
	year = 2014,
	month = {jun},
	publisher = {American Chemical Society ({ACS})},
	volume = {53},
	number = {25},
	pages = {10485--10490},
	author = {Hongjun Liu and Sheng Dai and De-en Jiang},
	title = {Molecular Dynamics Simulation of Anion Effect on Solubility, Diffusivity, and Permeability of Carbon Dioxide in Ionic Liquids},
	journal = {Industrial {\&} Engineering Chemistry Research}
}
@article{Lyubartsev_1992,
	doi = {10.1063/1.462133},
	year = 1992,
	publisher = {{AIP} Publishing},
	volume = {96},
	number = {3},
	pages = {1776},
	author = {A. P. Lyubartsev and A. A. Martsinovski and S. V. Shevkunov and P. N. Vorontsov-Velyaminov},
	title = {New approach to {Monte} {Carlo} calculation of the free energy: {Method} of expanded ensembles},
	journal = {The Journal of Chemical Physics}
}
@article{MacFarlane_2014,
	doi = {10.1039/c3ee42099j},
	year = 2014,
	publisher = {Royal Society of Chemistry ({RSC})},
	volume = {7},
	number = {1},
	pages = {232--250},
	author = {Douglas R. MacFarlane and Naoki Tachikawa and Maria Forsyth and Jennifer M. Pringle and Patrick C. Howlett and Gloria D. Elliott and James H. Davis and Masayoshi Watanabe and Patrice Simon and C. Austen Angell},
	title = {Energy applications of ionic liquids},
	journal = {Energy Environ. Sci.}
}
@article{Mahurin_2010,
	doi = {10.1016/j.memsci.2010.02.045},
	year = 2010,
	month = {may},
	publisher = {Elsevier {BV}},
	volume = {353},
	number = {1-2},
	pages = {177--183},
	author = {Shannon M. Mahurin and Je Seung Lee and Gary A. Baker and Huimin Luo and Sheng Dai},
	title = {Performance of nitrile-containing anions in task-specific ionic liquids for improved {CO}\textsubscript{2}/{N}\textsubscript{2} separation},
	journal = {Journal of Membrane Science}
}
@article{Makino_2014,
	doi = {10.1007/s10953-014-0232-x},
	year = 2014,
	month = {sep},
	publisher = {Springer Nature},
	volume = {43},
	number = {9-10},
	pages = {1601--1613},
	author = {Takashi Makino and Mitsuhiro Kanakubo and Yoshio Masuda and Hiroshi Mukaiyama},
	title = {Physical and {CO}2-Absorption Properties of Imidazolium Ionic Liquids with Tetracyanoborate and Bis(trifluoromethanesulfonyl)amide Anions},
	journal = {Journal of Solution Chemistry}
}
@incollection{Markewitz_2014,
	doi = {10.1007/978-3-319-11943-4_2},
	year = 2014,
	month = {oct},
	publisher = {Springer International Publishing},
	pages = {13--45},
	author = {Peter Markewitz and Richard Bongartz},
	title = {Carbon Capture Technologies},
	booktitle = {Carbon Capture, Storage and Use}
}

@article{Mart_nez_2009,
	doi = {10.1002/jcc.21224},
	year = 2009,
	month = {oct},
	publisher = {Wiley-Blackwell},
	volume = {30},
	number = {13},
	pages = {2157--2164},
	author = {L. Mart{\'{\i}}nez and R. Andrade and E. G. Birgin and J. M. Mart{\'{\i}}nez},
	title = {{PACKMOL}: A package for building initial configurations for molecular dynamics simulations},
	journal = {Journal of Computational Chemistry}
}
@article{Martyna1992,
  title={Nos{\'e}--{Hoover} chains: {The} canonical ensemble via continuous dynamics},
  author={Martyna, Glenn J and Klein, Michael L and Tuckerman, Mark},
  journal={The Journal of Chemical Physics},
  volume={97},
  number={4},
  pages={2635--2643},
  year={1992},
  publisher={AIP Publishing}
}
@article{Mayo_1990,
	doi = {10.1021/j100389a010},
	year = 1990,
	month = {dec},
	publisher = {American Chemical Society ({ACS})},
	volume = {94},
	number = {26},
	pages = {8897--8909},
	author = {Stephen L. Mayo and Barry D. Olafson and William A. Goddard},
	title = {{DREIDING}: {A} generic force field for molecular simulations},
	journal = {The Journal of Physical Chemistry}
}
@article{McCann_2013,
	doi = {10.1021/ct300961e},
	year = 2013,
	month = {feb},
	publisher = {American Chemical Society ({ACS})},
	volume = {9},
	number = {2},
	pages = {944--950},
	author = {Billy W. McCann and Orlando Acevedo},
	title = {Pairwise Alternatives to Ewald Summation for Calculating Long-Range Electrostatics in Ionic Liquids},
	journal = {Journal of Chemical Theory and Computation}
}
@article{Mecerreyes_2011,
	doi = {10.1016/j.progpolymsci.2011.05.007},
	year = 2011,
	month = {dec},
	publisher = {Elsevier {BV}},
	volume = {36},
	number = {12},
	pages = {1629--1648},
	author = {David Mecerreyes},
	title = {Polymeric ionic liquids: {Broadening} the properties and applications of polyelectrolytes},
	journal = {Progress in Polymer Science}
}
@article{Merkel_2010,
	doi = {10.1016/j.memsci.2009.10.041},
	year = 2010,
	month = {sep},
	publisher = {Elsevier {BV}},
	volume = {359},
	number = {1-2},
	pages = {126--139},
	author = {Tim C. Merkel and Haiqing Lin and Xiaotong Wei and Richard Baker},
	title = {Power plant post-combustion carbon dioxide capture: {An} opportunity for membranes},
	journal = {Journal of Membrane Science}
}
@article{munoz2015lennard,
  title={Lennard-Jones force field parameters for cyclic alkanes from cyclopropane to cyclohexane},
  author={Mu{\~n}oz-Mu{\~n}oz, Y Mauricio and Guevara-Carrion, Gabriela and Llano-Restrepo, Mario and Vrabec, Jadran},
  journal={Fluid Phase Equilibria},
  volume={404},
  pages={150--160},
  year={2015},
  publisher={Elsevier}
}
@article{Naden_2015,
	doi = {10.1021/ct501047e},
	year = 2015,
	month = {jun},
	publisher = {American Chemical Society ({ACS})},
	volume = {11},
	number = {6},
	pages = {2536--2549},
	author = {Levi N. Naden and Michael R. Shirts},
	title = {Linear Basis Function Approach to Efficient Alchemical Free Energy Calculations. 2. {Inserting} and Deleting Particles with Coulombic Interactions},
	journal = {Journal of Chemical Theory and Computation}
}
@article{P_rvulescu_2007,
	doi = {10.1021/cr050948h},
	year = 2007,
	month = {jun},
	publisher = {American Chemical Society ({ACS})},
	volume = {107},
	number = {6},
	pages = {2615--2665},
	author = {Vasile I. P{\^{a}}rvulescu and Christopher Hardacre},
	title = {Catalysis in Ionic Liquids},
	journal = {Chemical Reviews}
}
@article{Plimpton1995,
  title={Fast Parallel Algorithms for Short-Range Molecular Dynamics},
  author={Plimpton, S},
  journal={Journal of Computational Physics},
  volume={117},
  number={1},
  pages={1-19},
  year={1995},
  publisher={ELSEVIER}
}
@article{Potoff_2001,
	doi = {10.1002/aic.690470719},
	year = 2001,
	month = {jul},
	publisher = {Wiley-Blackwell},
	volume = {47},
	number = {7},
	pages = {1676--1682},
	author = {Jeffrey J. Potoff and J. Ilja Siepmann},
	title = {Vapor{\textendash}liquid equilibria of mixtures containing alkanes, carbon dioxide, and nitrogen},
	journal = {{AIChE} Journal}
}
@book{Prausnitz,
  Author = {John M. Prausnitz and Rudiger N. Lichtenthaler and Edmundo Gomes de Azevedo},
  Title = {Molecular Thermodynamics of Fluid-Phase Equilibria (3rd Edition)},
  Publisher = {Prentice Hall},
  Year = {1998},
  ISBN = {0139777458},
}
@article{Price_2001,
	doi = {10.1002/jcc.1092},
	year = 2001,
	publisher = {Wiley-Blackwell},
	volume = {22},
	number = {13},
	pages = {1340--1352},
	author = {Melissa L. P. Price and Dennis Ostrovsky and William L. Jorgensen},
	title = {Gas-phase and liquid-state properties of esters, nitriles, and nitro compounds with the {OPLS}-{AA} force field},
	journal = {Journal of Computational Chemistry}
}
@article{Rey_Castro_2007,
	doi = {10.1016/j.fluid.2006.09.027},
	year = 2007,
	month = {aug},
	publisher = {Elsevier {BV}},
	volume = {256},
	number = {1-2},
	pages = {62--69},
	author = {C. Rey-Castro and A.L. Tormo and L.F. Vega},
	title = {Effect of the flexibility and the anion in the structural and transport properties of ethyl-methyl-imidazolium ionic liquids},
	journal = {Fluid Phase Equilibria}
}

@article{Ryckaert1977,
  title={Numerical Integration of the Cartesian Equations of Motion of a System with Constraints: {Molecular} Dynamics of n-Alkanes},
  author={Ryckaert, JP. and Ciccotti, G. and Berendsen, H. J. C.},
  journal={Journal of Computational Physics},
  volume={23},
  number={},
  pages={327-341},
  year={1977},
  publisher={Elsevier}
}
@article{Rubin_2015,
	doi = {10.1016/j.ijggc.2015.05.018},
	year = 2015,
	month = {sep},
	publisher = {Elsevier {BV}},
	volume = {40},
	pages = {378--400},
	author = {Edward S. Rubin and John E. Davison and Howard J. Herzog},
	title = {The cost of {CO}\textsubscript{2} capture and storage},
	journal = {International Journal of Greenhouse Gas Control}
}
@article{Schilderman_2007,
  doi = {10.1016/j.fluid.2007.06.003},
  year  = {2007},
  month = {oct},
  publisher = {Elsevier {BV}},
  volume = {260},
  number = {1},
  pages = {19--22},
  author = {Astrid M. Schilderman and Sona Raeissi and Cor J. Peters},
  title = {Solubility of carbon dioxide in the ionic liquid 1-ethyl-3-methylimidazolium bis(trifluoromethylsulfonyl)imide},
  journal = {Fluid Phase Equilibria}
}
@article{Seo_2014,
	doi = {10.1021/jp502279w},
	year = 2014,
	month = {may},
	publisher = {American Chemical Society ({ACS})},
	volume = {118},
	number = {21},
	pages = {5740--5751},
	author = {Samuel Seo and Mauricio Quiroz-Guzman and M. Aruni DeSilva and Tae Bum Lee and Yong Huang and Brett F. Goodrich and William F. Schneider and Joan F. Brennecke},
	title = {Chemically Tunable Ionic Liquids with Aprotic Heterocyclic Anion ({AHA}) for {CO}\textsubscript{2} Capture},
	journal = {The Journal of Physical Chemistry B}
}
@article{Shinoda2004,
  title={Rapid estimation of elastic constants by molecular dynamics simulation under constant stress},
  author={Shinoda, W. and Shiga, M. and Milami, M.},
  journal={Physical Review B},
  volume={69},
  number={},
  pages={134103},
  year={2004},
  publisher={}
}
@article{Shirts_2003,
	doi = {10.1063/1.1587119},
	year = 2003,
	publisher = {{AIP} Publishing},
	volume = {119},
	number = {11},
	pages = {5740},
	author = {Michael R. Shirts and Jed W. Pitera and William C. Swope and Vijay S. Pande},
	title = {Extremely precise free energy calculations of amino acid side chain analogs: {Comparison} of common molecular mechanics force fields for proteins},
	journal = {The Journal of Chemical Physics}
}
@article{Shirts_2008,
	doi = {10.1063/1.2978177},
	year = 2008,
	publisher = {{AIP} Publishing},
	volume = {129},
	number = {12},
	pages = {124105},
	author = {Michael R. Shirts and John D. Chodera},
	title = {Statistically optimal analysis of samples from multiple equilibrium states},
	journal = {The Journal of Chemical Physics}
}
@article{Schr_der_2012,
	doi = {10.1039/c2cp23329k},
	year = 2012,
	publisher = {Royal Society of Chemistry ({RSC})},
	volume = {14},
	number = {9},
	pages = {3089},
	author = {Christian Schröder},
	title = {Comparing reduced partial charge models with polarizable simulations of ionic liquids},
	journal = {Physical Chemistry Chemical Physics}
}
@article{Svishchev_1993,
	doi = {10.1063/1.465158},
	year = 1993,
	month = {aug},
	publisher = {{AIP} Publishing},
	volume = {99},
	number = {4},
	pages = {3049--3058},
	author = {I. M. Svishchev and P. G. Kusalik},
	title = {Structure in liquid water: A study of spatial distribution functions},
	journal = {The Journal of Chemical Physics}
}
@book{Tester,
  Author = {Jefferson W. Tester and Michael Modell},
  Title = {Thermodynamics and Its Applications (3rd Edition)},
  Publisher = {Prentice Hall},
  Year = {1996},
  ISBN = {013915356X},
}
@article{Tokuda_2005,
	doi = {10.1021/jp044626d},
	year = 2005,
	month = {apr},
	publisher = {American Chemical Society ({ACS})},
	volume = {109},
	number = {13},
	pages = {6103--6110},
	author = {Hiroyuki Tokuda and Kikuko Hayamizu and Kunikazu Ishii and Md. Abu Bin Hasan Susan and Masayoshi Watanabe},
	title = {Physicochemical Properties and Structures of Room Temperature Ionic Liquids. 2. Variation of Alkyl Chain Length in Imidazolium Cation},
	journal = {The Journal of Physical Chemistry B}
}
@article{Tom_2015,
	doi = {10.1016/j.memsci.2015.02.020},
	year = 2015,
	month = {jun},
	publisher = {Elsevier {BV}},
	volume = {483},
	pages = {155--165},
	author = {Liliana C. Tom{\'{e}} and Mehmet Isik and Carmen S.R. Freire and David Mecerreyes and Isabel M. Marrucho},
	title = {Novel pyrrolidinium-based polymeric ionic liquids with cyano counter-anions: High performance membrane materials for post-combustion {CO}\textsubscript{2} separation},
	journal = {Journal of Membrane Science}
}
@article{Tong_2018,
	doi = {10.1038/s41893-017-0003-y},
	year = 2018,
	month = {jan},
	publisher = {Springer Nature},
	volume = {1},
	number = {1},
	pages = {59--68},
	author = {Dan Tong and Qiang Zhang and Steven J. Davis and Fei Liu and Bo Zheng and Guannan Geng and Tao Xue and Meng Li and Chaopeng Hong and Zifeng Lu and David G. Streets and Dabo Guan and Kebin He},
	title = {Targeted emission reductions from global super-polluting power plant units},
	journal = {Nature Sustainability}
}

@article{Vega_2011,
	doi = {10.1039/c1cp22168j},
	year = 2011,
	publisher = {Royal Society of Chemistry ({RSC})},
	volume = {13},
	number = {44},
	pages = {19663},
	author = {Carlos Vega and Jose L. F. Abascal},
	title = {Simulating water with rigid non-polarizable models: a general perspective},
	journal = {Physical Chemistry Chemical Physics}
}
\begin{filecontents}{\jobname.bib}
@misc{totalenergy,
   author = "{U.S. Energy Information Administration}",
   title  = {Monthly Energy Review},
   howpublished="\url{https://www.eia.gov/totalenergy/data/monthly/pdf/sec12_3.pdf}",
   year = 2018
}
\end{filecontents}

\begin{filecontents}{\jobname.bib}
@misc{playmol,
   title  = "{PLAYMOL}",
   howpublished= "available at \url{https://github.com/atoms-ufrj/playmol}",
   year = "{cited 2018}"
}
\end{filecontents}

@article{Wang_2004,
	doi = {10.1002/jcc.20035},
	year = 2004,
	publisher = {Wiley-Blackwell},
	volume = {25},
	number = {9},
	pages = {1157--1174},
	author = {Junmei Wang and Romain M. Wolf and James W. Caldwell and Peter A. Kollman and David A. Case},
	title = {Development and testing of a general amber force field},
	journal = {Journal of Computational Chemistry}
}
@article{Weber_2016,
	doi = {10.1021/acs.jpcb.6b00098},
	year = 2016,
	month = {mar},
	publisher = {American Chemical Society ({ACS})},
	volume = {120},
	number = {9},
	pages = {2471--2483},
	author = {Henry Weber and Barbara Kirchner},
	title = {Complex Structural and Dynamical Interplay of Cyano-Based Ionic Liquids},
	journal = {The Journal of Physical Chemistry B}
}
@article{Werner_2010,
	doi = {10.1146/annurev-chembioeng-073009-100915},
	year = 2010,
	month = {jun},
	publisher = {Annual Reviews},
	volume = {1},
	number = {1},
	pages = {203--230},
	author = {Sebastian Werner and Marco Haumann and Peter Wasserscheid},
	title = {Ionic Liquids in Chemical Engineering},
	journal = {Annual Review of Chemical and Biomolecular Engineering}
}
@article{Yan_2010,
	doi = {10.1016/j.jct.2010.02.006},
	year = 2010,
	month = {jun},
	publisher = {Elsevier {BV}},
	volume = {42},
	number = {6},
	pages = {817--822},
	author = {Pei-Fang Yan and Miao Yang and Xiu-Mei Liu and Chang Wang and Zhi-Cheng Tan and Urs Welz-Biermann},
	title = {Activity coefficients at infinite dilution of organic solutes in the ionic liquid 1-ethyl-3-methylimidazolium tetracyanoborate [{EMIM}][{TCB}] using gas{\textendash}liquid chromatography},
	journal = {The Journal of Chemical Thermodynamics}
}
@article{Zwanzig_1954,
	doi = {10.1063/1.1740409},
	year = 1954,
	publisher = {{AIP} Publishing},
	volume = {22},
	number = {8},
	pages = {1420},
	author = { Robert W. Zwanzig},
	title = {High-Temperature Equation of State by a Perturbation Method. {I}. {Nonpolar} Gases},
	journal = {The Journal of Chemical Physics}
}

@article{Eastwood_2010,
	title = {Equipartition and the {Calculation} of {Temperature} in {Biomolecular} {Simulations}},
	volume = {6},
	doi = {10.1021/ct9002916},
	number = {7},
	journal = {J. Chem. Theory Comput.},
	author = {Eastwood, Michael P. and Stafford, Kate A. and Lippert, Ross A. and Jensen, Morten {\O} and Maragakis, Paul and Predescu, Cristian and Dror, Ron O. and Shaw, David E.},
	month = jul,
	year = {2010},
	pages = {2045--2058}
}

@article{Silveira_2017,
	title = {Molecular dynamics with rigid bodies: {Alternative} formulation and assessment of its limitations when employed to simulate liquid water},
	volume = {147},
	doi = {10.1063/1.5003636},
	number = {12},
	journal = {The Journal of Chemical Physics},
	author = {Silveira, Ana J. and Abreu, Charlles R. A.},
	month = sep,
	year = {2017},
	pages = {124104}
}
