@article{Koller_2012,
	doi = {10.1080/00268976.2011.648965},
	year = 2012,
	month = {jun},
	publisher = {Informa {UK} Limited},
	volume = {110},
	number = {11-12},
	pages = {1115--1126},
	author = {Thomas Koller and Javier Ramos and Nuno M. Garrido and Andreas P. Fr\"{o}ba and Ioannis G. Economou},
	title = {Development of a united-atom force field for 1-ethyl-3-methylimidazolium tetracyanoborate ionic liquid},
	journal = {Molecular Physics}
}
@article{Batista_2015,
	doi = {10.1021/jp510125x},
	year = 2015,
	month = {jan},
	publisher = {American Chemical Society ({ACS})},
	volume = {119},
	number = {4},
	pages = {1567--1578},
	author = {Marta L. S. Batista and Kiki A. Kurnia and Sim{\~{a}}o P. Pinho and Jos{\'{e}} R. B. Gomes and Jo{\~{a}}o A. P. Coutinho},
	title = {Computational and Experimental Study of the Behavior of Cyano-Based Ionic Liquids in Aqueous Solution},
	journal = {The Journal of Physical Chemistry B}
}
@article{Liu_2014,
	doi = {10.1039/c3cp54326a},
	year = 2014,
	publisher = {Royal Society of Chemistry ({RSC})},
	volume = {16},
	number = {5},
	pages = {1909--1913},
	author = {Hongjun Liu and Sheng Dai and De-en Jiang},
	title = {Structure and dynamics of {CO}\textsubscript{2} and {N}\textsubscript{2} in a tetracyanoborate based ionic liquid},
	journal = {Phys. Chem. Chem. Phys.}
}
@article{Weber_2016,
	doi = {10.1021/acs.jpcb.6b00098},
	year = 2016,
	month = {mar},
	publisher = {American Chemical Society ({ACS})},
	volume = {120},
	number = {9},
	pages = {2471--2483},
	author = {Henry Weber and Barbara Kirchner},
	title = {Complex Structural and Dynamical Interplay of Cyano-Based Ionic Liquids},
	journal = {The Journal of Physical Chemistry B}
}